%% This BibTeX bibliography file was created using BibDesk.
%% http://bibdesk.sourceforge.net/


%% Created for Lucas Roberts at 2015-12-28 21:07:24 -0500 


%% Saved with string encoding Unicode (UTF-8) 

@article{oakes1999direct,
  title={Direct calculation of the information matrix via the {EM}},
  author={Oakes, David},
  journal={Journal of the Royal Statistical Society: Series B (Statistical Methodology)},
  volume={61},
  number={2},
  pages={479--482},
  year={1999},
  publisher={Wiley Online Library}
}

@article{cohen1960estimating,
  title={Estimating the parameter in a conditional {P}oisson distribution},
  author={Cohen, A Clifford},
  journal={Biometrics},
  volume={16},
  number={2},
  pages={203--211},
  year={1960},
  publisher={JSTOR}
}

@article{singh1978characterization,
  title={A characterization of positive {P}oisson distribution and its statistical application},
  author={Singh, Jagbir},
  journal={SIAM Journal on Applied Mathematics},
  volume={34},
  number={3},
  pages={545--548},
  year={1978},
  publisher={SIAM}
}

@article{jagdale2013incidence,
  title={Incidence and pathogenicity of plant-parasitic nematodes associated with blueberry ({V}accinium spp.) replant disease in {G}eorgia and {N}orth {C}arolina},
  author={Jagdale, Ganpati B and Holladay, Ted and Brannen, PM and Cline, WO and Agudelo, Paula and Nyczepir, AP and Noe, JP},
  journal={Journal of nematology},
  volume={45},
  number={2},
  pages={92},
  year={2013},
  publisher={Society of Nematologists}
}

@article{centinari2016root,
  title={Root-zone management practices impact above and below ground growth in {C}abernet {F}ranc grapevines},
  author={Centinari, M and Vanden Heuvel, JE and Goebel, M and Smith, MS and Bauerle, TL},
  journal={Australian Journal of Grape and Wine Research},
  volume={22},
  number={1},
  pages={137--148},
  year={2016},
  publisher={Wiley Online Library}
}

@article{howland2014spatial,
  title={Spatial distribution of plant-parasitic nematodes in semi-arid {V}itis vinifera vineyards in {W}ashington},
  author={Howland, Amanda D and Schreiner, R Paul and Zasada, Inga A},
  journal={Journal of nematology},
  volume={46},
  number={4},
  pages={321},
  year={2014},
  publisher={Society of Nematologists}
}

@article{anscombe1948transformation,
  title={The transformation of {P}oisson, binomial and negative-binomial data},
  author={Anscombe, Francis J},
  journal={Biometrika},
  volume={35},
  number={3/4},
  pages={246--254},
  year={1948},
  publisher={JSTOR}
}

@article{yu2009variance,
  title={Variance stabilizing transformations of {P}oisson, binomial and negative binomial distributions},
  author={Yu, Guan},
  journal={Statistics \& Probability Letters},
  volume={79},
  number={14},
  pages={1621--1629},
  year={2009},
  publisher={Elsevier}
}

@article{freeman1950transformations,
  title={Transformations related to the angular and the square root},
  author={Freeman, Murray F and Tukey, John W},
  journal={The Annals of Mathematical Statistics},
  pages={607--611},
  year={1950},
  publisher={JSTOR}
}

@article{arratia2013size,
  title={Size bias for one and all},
  author={Arratia, Richard and Goldstein, Larry and Kochman, Fred},
  journal={arXiv preprint arXiv:1308.2729},
  year={2013}
}

@article{arratia2010size,
  title={Size bias, sampling, the waiting time paradox, and infinite divisibility: when is the increment independent?},
  author={Arratia, Richard and Goldstein, Larry},
  journal={arXiv preprint arXiv:1007.3910},
  year={2010}
}

@article{vuong1989likelihood,
  title={Likelihood ratio tests for model selection and non-nested hypotheses},
  author={Vuong, Quang H},
  journal={Econometrica: Journal of the Econometric Society},
  pages={307--333},
  year={1989},
  publisher={JSTOR}
}

@article{desmarais2013testing,
  title={Testing for zero inflation in count models: Bias correction for the {V}uong test},
  author={Desmarais, Bruce A and Harden, Jeffrey J and others},
  journal={The Stata Journal},
  volume={13},
  number={4},
  pages={810--835},
  year={2013}
}

@article{wilson2015misuse,
  title={The misuse of the {V}uong test for non-nested models to test for zero-inflation},
  author={Wilson, Paul},
  journal={Economics Letters},
  volume={127},
  pages={51--53},
  year={2015},
  publisher={Elsevier}
}

@article{self1987asymptotic,
  title={Asymptotic properties of maximum likelihood estimators and likelihood ratio tests under nonstandard conditions},
  author={Self, Steven G and Liang, Kung-Yee},
  journal={Journal of the American Statistical Association},
  volume={82},
  number={398},
  pages={605--610},
  year={1987},
  publisher={Taylor \& Francis Group}
}

@article{feng1992statistical,
  title={Statistical inference using maximum likelihood estimation and the generalized likelihood ratio when the true parameter is on the boundary of the parameter space},
  author={Feng, Ziding and McCulloch, Charles E},
  journal={Statistics \& Probability Letters},
  volume={13},
  number={4},
  pages={325--332},
  year={1992},
  publisher={Elsevier}
}

@article{chernoff1954distribution,
  title={On the distribution of the likelihood ratio},
  author={Chernoff, Herman},
  journal={The Annals of Mathematical Statistics},
  pages={573--578},
  year={1954},
  publisher={JSTOR}
}

@article{crainiceanu2004likelihood,
  title={Likelihood ratio tests in linear mixed models with one variance component},
  author={Crainiceanu, Ciprian M and Ruppert, David},
  journal={Journal of the Royal Statistical Society: Series B (Statistical Methodology)},
  volume={66},
  number={1},
  pages={165--185},
  year={2004},
  publisher={Wiley Online Library}
}


@book{2005estimation,
  title={Microeconometrics: methods and applications},
  author={Cameron, A Colin and Trivedi, Pravin K},
  year={2005},
  publisher={Cambridge university press}
}

@book{davidson1995estimation,
  title={Estimation and inference in econometrics},
  author={Davidson, Russell and MacKinnon, James G},
  year={1995},
  publisher={Cambridge Univ Press}
}

@article{zasada2010managing,
  title={Managing nematodes without methyl bromide},
  author={Zasada, Inga A and Halbrendt, John M and Kokalis-Burelle, Nancy and LaMondia, James and McKenry, Michael V and Noling, Joe W},
  journal={Annual review of phytopathology},
  volume={48},
  pages={311--328},
  year={2010},
  publisher={Annual Reviews}
}

@inproceedings{murray2011modeling,
  title={MODELING THE ROOT-KNOT NEMATODE/NUTSEDGE PEST COMPLEX: PERSPECTIVES FROM WEED SCIENCE, NEMATOLOGY AND STATISTICS},
  author={Murray, Leigh and Thomas, Stephen H and Schroeder, Jill and Kreider, Scott and Ou, Zhining and Trojan, JM and Fiore, C},
  booktitle={23rd Annual conference on applied statistics in agriculture},
  pages={128-151},
  year={2011},
  organization={Kansas State University}
}

@article{van1995score,
  title={A score test for zero inflation in a {P}oisson distribution},
  author={Van den Broek, Jan},
  journal={Biometrics},
  pages={738--743},
  year={1995},
  publisher={JSTOR}
}

@article{xiang2007score,
  title={A score test for overdispersion in zero-inflated poisson mixed regression model},
  author={Xiang, Liming and Lee, Andy H and Yau, Kelvin KW and McLachlan, Geoffrey J},
  journal={Statistics in medicine},
  volume={26},
  number={7},
  pages={1608},
  year={2007}
}

@article{deng2005score,
  title={Score tests for zero-inflation and over-dispersion in generalized linear models},
  author={Deng, Dianliang and Paul, Sudhir R},
  journal={Statistica Sinica},
  pages={257--276},
  year={2005},
  publisher={JSTOR}
}

@article{lee2001analysis,
  title={Analysis of zero-inflated Poisson data incorporating extent of exposure},
  author={Lee, Andy H and Wang, Kui and Yau, Kelvin KW},
  journal={Biometrical Journal},
  volume={43},
  number={8},
  pages={963},
  year={2001}
}

@article{giese2016cover,
  title={Cover Crop and Root Pruning Effects on the Rooting Pattern of SO4 Rootstock Grafted to {C}abernet {S}auvignon},
  author={Giese, W Gill and Wolf, Tony K and Velasco-Cruz, Ciro and Roberts, Lucas},
  journal={American Journal of Enology and Viticulture},
  volume={67},
  number={1},
  pages={105--115},
  year={2016},
  publisher={Am Soc Enol Viticulture}
}

@article{bohning1999zero,
  title={The zero-inflated {P}oisson model and the decayed, missing and filled teeth index in dental epidemiology},
  author={B{\"o}hning, Dankmar and Dietz, Ekkehart and Schlattmann, Peter and Mendonca, Lisette and Kirchner, Ursula},
  journal={Journal of the Royal Statistical Society: Series A (Statistics in Society)},
  volume={162},
  number={2},
  pages={195--209},
  year={1999},
  publisher={Wiley Online Library}
}

@article{shankar1997modeling,
  title={Modeling accident frequencies as zero-altered probability processes: an empirical inquiry},
  author={Shankar, Venky and Milton, John and Mannering, F},
  journal={Accident Analysis \& Prevention},
  volume={29},
  number={6},
  pages={829--837},
  year={1997},
  publisher={Elsevier}
}

@inproceedings{khoshgoftaar2001application,
  title={An application of zero-inflated {P}oisson regression for software fault prediction},
  author={Khoshgoftaar, Taghi M and Gao, Kehan and Szabo, Robert M},
  booktitle={Software Reliability Engineering, 2001. ISSRE 2001. Proceedings. 12th International Symposium on},
  pages={66--73},
  year={2001},
  organization={IEEE}
}